%YAML 1.1
%TAG !u! tag:unity3d.com,2011:
--- !u!29 &1
OcclusionCullingSettings:
  m_ObjectHideFlags: 0
  serializedVersion: 2
  m_OcclusionBakeSettings:
    smallestOccluder: 5
    smallestHole: 0.25
    backfaceThreshold: 100
  m_SceneGUID: 00000000000000000000000000000000
  m_OcclusionCullingData: {fileID: 0}
--- !u!104 &2
RenderSettings:
  m_ObjectHideFlags: 0
  serializedVersion: 9
  m_Fog: 0
  m_FogColor: {r: 0.5, g: 0.5, b: 0.5, a: 1}
  m_FogMode: 3
  m_FogDensity: 0.01
  m_LinearFogStart: 0
  m_LinearFogEnd: 300
  m_AmbientSkyColor: {r: 0.212, g: 0.227, b: 0.259, a: 1}
  m_AmbientEquatorColor: {r: 0.114, g: 0.125, b: 0.133, a: 1}
  m_AmbientGroundColor: {r: 0.047, g: 0.043, b: 0.035, a: 1}
  m_AmbientIntensity: 1
  m_AmbientMode: 3
  m_SubtractiveShadowColor: {r: 0.42, g: 0.478, b: 0.627, a: 1}
  m_SkyboxMaterial: {fileID: 0}
  m_HaloStrength: 0.5
  m_FlareStrength: 1
  m_FlareFadeSpeed: 3
  m_HaloTexture: {fileID: 0}
  m_SpotCookie: {fileID: 10001, guid: 0000000000000000e000000000000000, type: 0}
  m_DefaultReflectionMode: 0
  m_DefaultReflectionResolution: 128
  m_ReflectionBounces: 1
  m_ReflectionIntensity: 1
  m_CustomReflection: {fileID: 0}
  m_Sun: {fileID: 0}
  m_IndirectSpecularColor: {r: 0, g: 0, b: 0, a: 1}
  m_UseRadianceAmbientProbe: 0
--- !u!157 &3
LightmapSettings:
  m_ObjectHideFlags: 0
  serializedVersion: 11
  m_GIWorkflowMode: 1
  m_GISettings:
    serializedVersion: 2
    m_BounceScale: 1
    m_IndirectOutputScale: 1
    m_AlbedoBoost: 1
    m_TemporalCoherenceThreshold: 1
    m_EnvironmentLightingMode: 0
    m_EnableBakedLightmaps: 0
    m_EnableRealtimeLightmaps: 0
  m_LightmapEditorSettings:
    serializedVersion: 10
    m_Resolution: 2
    m_BakeResolution: 40
    m_AtlasSize: 1024
    m_AO: 0
    m_AOMaxDistance: 1
    m_CompAOExponent: 1
    m_CompAOExponentDirect: 0
    m_Padding: 2
    m_LightmapParameters: {fileID: 0}
    m_LightmapsBakeMode: 1
    m_TextureCompression: 1
    m_FinalGather: 0
    m_FinalGatherFiltering: 1
    m_FinalGatherRayCount: 256
    m_ReflectionCompression: 2
    m_MixedBakeMode: 2
    m_BakeBackend: 0
    m_PVRSampling: 1
    m_PVRDirectSampleCount: 32
    m_PVRSampleCount: 500
    m_PVRBounces: 2
    m_PVRFilterTypeDirect: 0
    m_PVRFilterTypeIndirect: 0
    m_PVRFilterTypeAO: 0
    m_PVRFilteringMode: 1
    m_PVRCulling: 1
    m_PVRFilteringGaussRadiusDirect: 1
    m_PVRFilteringGaussRadiusIndirect: 5
    m_PVRFilteringGaussRadiusAO: 2
    m_PVRFilteringAtrousPositionSigmaDirect: 0.5
    m_PVRFilteringAtrousPositionSigmaIndirect: 2
    m_PVRFilteringAtrousPositionSigmaAO: 1
    m_ShowResolutionOverlay: 1
  m_LightingDataAsset: {fileID: 0}
  m_UseShadowmask: 1
--- !u!196 &4
NavMeshSettings:
  serializedVersion: 2
  m_ObjectHideFlags: 0
  m_BuildSettings:
    serializedVersion: 2
    agentTypeID: 0
    agentRadius: 0.5
    agentHeight: 2
    agentSlope: 45
    agentClimb: 0.4
    ledgeDropHeight: 0
    maxJumpAcrossDistance: 0
    minRegionArea: 2
    manualCellSize: 0
    cellSize: 0.16666667
    manualTileSize: 0
    tileSize: 256
    accuratePlacement: 0
    debug:
      m_Flags: 0
  m_NavMeshData: {fileID: 0}
--- !u!1 &141148326
GameObject:
  m_ObjectHideFlags: 0
  m_PrefabParentObject: {fileID: 0}
  m_PrefabInternal: {fileID: 0}
  serializedVersion: 5
  m_Component:
  - component: {fileID: 141148327}
  m_Layer: 5
  m_Name: Map
  m_TagString: Untagged
  m_Icon: {fileID: 0}
  m_NavMeshLayer: 0
  m_StaticEditorFlags: 0
  m_IsActive: 1
--- !u!224 &141148327
RectTransform:
  m_ObjectHideFlags: 0
  m_PrefabParentObject: {fileID: 0}
  m_PrefabInternal: {fileID: 0}
  m_GameObject: {fileID: 141148326}
  m_LocalRotation: {x: 0, y: 0, z: 0, w: 1}
  m_LocalPosition: {x: 0, y: 0, z: 0}
  m_LocalScale: {x: 1, y: 1, z: 1}
  m_Children:
  - {fileID: 1012367612}
  - {fileID: 539979852}
  m_Father: {fileID: 1969989146}
  m_RootOrder: 0
  m_LocalEulerAnglesHint: {x: 0, y: 0, z: 0}
  m_AnchorMin: {x: 0.5, y: 0.5}
  m_AnchorMax: {x: 0.5, y: 0.5}
  m_AnchoredPosition: {x: 0, y: 0}
  m_SizeDelta: {x: 100, y: 100}
  m_Pivot: {x: 0.5, y: 0.5}
--- !u!1 &148646978
GameObject:
  m_ObjectHideFlags: 0
  m_PrefabParentObject: {fileID: 1597423428501576, guid: da504f08b07a652468123870137f2e4a,
    type: 2}
  m_PrefabInternal: {fileID: 0}
  serializedVersion: 5
  m_Component:
  - component: {fileID: 148646979}
  - component: {fileID: 148646982}
  - component: {fileID: 148646981}
  - component: {fileID: 148646980}
  m_Layer: 5
  m_Name: ScrollSzene
  m_TagString: Untagged
  m_Icon: {fileID: 0}
  m_NavMeshLayer: 0
  m_StaticEditorFlags: 0
  m_IsActive: 1
--- !u!224 &148646979
RectTransform:
  m_ObjectHideFlags: 0
  m_PrefabParentObject: {fileID: 224222822189662434, guid: da504f08b07a652468123870137f2e4a,
    type: 2}
  m_PrefabInternal: {fileID: 0}
  m_GameObject: {fileID: 148646978}
  m_LocalRotation: {x: -0, y: -0, z: -0, w: 1}
  m_LocalPosition: {x: 0, y: 0, z: 0}
  m_LocalScale: {x: 1, y: 1, z: 1}
  m_Children:
  - {fileID: 649325005}
  m_Father: {fileID: 539979852}
  m_RootOrder: 0
  m_LocalEulerAnglesHint: {x: 0, y: 0, z: 0}
  m_AnchorMin: {x: 0.5, y: 0.5}
  m_AnchorMax: {x: 0.5, y: 0.5}
  m_AnchoredPosition: {x: 960, y: 0}
  m_SizeDelta: {x: 1920, y: 1080}
  m_Pivot: {x: 0.5, y: 0.5}
--- !u!114 &148646980
MonoBehaviour:
  m_ObjectHideFlags: 0
  m_PrefabParentObject: {fileID: 114569513810388730, guid: da504f08b07a652468123870137f2e4a,
    type: 2}
  m_PrefabInternal: {fileID: 0}
  m_GameObject: {fileID: 148646978}
  m_Enabled: 1
  m_EditorHideFlags: 0
  m_Script: {fileID: 1367256648, guid: f70555f144d8491a825f0804e09c671c, type: 3}
  m_Name: 
  m_EditorClassIdentifier: 
  m_Content: {fileID: 649325005}
  m_Horizontal: 1
  m_Vertical: 0
  m_MovementType: 2
  m_Elasticity: 0.1
  m_Inertia: 1
  m_DecelerationRate: 0.5
  m_ScrollSensitivity: 250
  m_Viewport: {fileID: 0}
  m_HorizontalScrollbar: {fileID: 0}
  m_VerticalScrollbar: {fileID: 0}
  m_HorizontalScrollbarVisibility: 0
  m_VerticalScrollbarVisibility: 0
  m_HorizontalScrollbarSpacing: 0
  m_VerticalScrollbarSpacing: 0
  m_OnValueChanged:
    m_PersistentCalls:
      m_Calls: []
    m_TypeName: UnityEngine.UI.ScrollRect+ScrollRectEvent, UnityEngine.UI, Version=1.0.0.0,
      Culture=neutral, PublicKeyToken=null
--- !u!114 &148646981
MonoBehaviour:
  m_ObjectHideFlags: 0
  m_PrefabParentObject: {fileID: 114360870576499862, guid: da504f08b07a652468123870137f2e4a,
    type: 2}
  m_PrefabInternal: {fileID: 0}
  m_GameObject: {fileID: 148646978}
  m_Enabled: 1
  m_EditorHideFlags: 0
  m_Script: {fileID: -765806418, guid: f70555f144d8491a825f0804e09c671c, type: 3}
  m_Name: 
  m_EditorClassIdentifier: 
  m_Material: {fileID: 0}
  m_Color: {r: 1, g: 1, b: 1, a: 0}
  m_RaycastTarget: 1
  m_OnCullStateChanged:
    m_PersistentCalls:
      m_Calls: []
    m_TypeName: UnityEngine.UI.MaskableGraphic+CullStateChangedEvent, UnityEngine.UI,
      Version=1.0.0.0, Culture=neutral, PublicKeyToken=null
  m_Sprite: {fileID: 10907, guid: 0000000000000000f000000000000000, type: 0}
  m_Type: 1
  m_PreserveAspect: 0
  m_FillCenter: 1
  m_FillMethod: 4
  m_FillAmount: 1
  m_FillClockwise: 1
  m_FillOrigin: 0
--- !u!222 &148646982
CanvasRenderer:
  m_ObjectHideFlags: 0
  m_PrefabParentObject: {fileID: 222499055248607078, guid: da504f08b07a652468123870137f2e4a,
    type: 2}
  m_PrefabInternal: {fileID: 0}
  m_GameObject: {fileID: 148646978}
--- !u!1001 &225829076
Prefab:
  m_ObjectHideFlags: 0
  serializedVersion: 2
  m_Modification:
    m_TransformParent: {fileID: 0}
    m_Modifications:
    - target: {fileID: 4003241462577428, guid: 3adaf6d15bfc1114dbb44db0288bfc80, type: 2}
      propertyPath: m_LocalPosition.x
      value: 0
      objectReference: {fileID: 0}
    - target: {fileID: 4003241462577428, guid: 3adaf6d15bfc1114dbb44db0288bfc80, type: 2}
      propertyPath: m_LocalPosition.y
      value: 0
      objectReference: {fileID: 0}
    - target: {fileID: 4003241462577428, guid: 3adaf6d15bfc1114dbb44db0288bfc80, type: 2}
      propertyPath: m_LocalPosition.z
      value: 0
      objectReference: {fileID: 0}
    - target: {fileID: 4003241462577428, guid: 3adaf6d15bfc1114dbb44db0288bfc80, type: 2}
      propertyPath: m_LocalRotation.x
      value: 0
      objectReference: {fileID: 0}
    - target: {fileID: 4003241462577428, guid: 3adaf6d15bfc1114dbb44db0288bfc80, type: 2}
      propertyPath: m_LocalRotation.y
      value: 0
      objectReference: {fileID: 0}
    - target: {fileID: 4003241462577428, guid: 3adaf6d15bfc1114dbb44db0288bfc80, type: 2}
      propertyPath: m_LocalRotation.z
      value: 0
      objectReference: {fileID: 0}
    - target: {fileID: 4003241462577428, guid: 3adaf6d15bfc1114dbb44db0288bfc80, type: 2}
      propertyPath: m_LocalRotation.w
      value: 1
      objectReference: {fileID: 0}
    - target: {fileID: 4003241462577428, guid: 3adaf6d15bfc1114dbb44db0288bfc80, type: 2}
      propertyPath: m_RootOrder
      value: 1
      objectReference: {fileID: 0}
    m_RemovedComponents: []
  m_ParentPrefab: {fileID: 100100000, guid: 3adaf6d15bfc1114dbb44db0288bfc80, type: 2}
  m_IsPrefabParent: 0
--- !u!1 &293813746
GameObject:
  m_ObjectHideFlags: 0
  m_PrefabParentObject: {fileID: 0}
  m_PrefabInternal: {fileID: 0}
  serializedVersion: 5
  m_Component:
  - component: {fileID: 293813747}
  - component: {fileID: 293813748}
  m_Layer: 5
  m_Name: RaumGenerator
  m_TagString: Untagged
  m_Icon: {fileID: 0}
  m_NavMeshLayer: 0
  m_StaticEditorFlags: 0
  m_IsActive: 1
--- !u!224 &293813747
RectTransform:
  m_ObjectHideFlags: 0
  m_PrefabParentObject: {fileID: 0}
  m_PrefabInternal: {fileID: 0}
  m_GameObject: {fileID: 293813746}
  m_LocalRotation: {x: 0, y: 0, z: 0, w: 1}
  m_LocalPosition: {x: 0, y: 0, z: 0}
  m_LocalScale: {x: 1, y: 1, z: 1}
  m_Children: []
  m_Father: {fileID: 649325005}
  m_RootOrder: 0
  m_LocalEulerAnglesHint: {x: 0, y: 0, z: 0}
  m_AnchorMin: {x: 0, y: 0.5}
  m_AnchorMax: {x: 0, y: 0.5}
  m_AnchoredPosition: {x: 11, y: 0}
  m_SizeDelta: {x: 100, y: 100}
  m_Pivot: {x: 0.5, y: 0.5}
--- !u!114 &293813748
MonoBehaviour:
  m_ObjectHideFlags: 0
  m_PrefabParentObject: {fileID: 0}
  m_PrefabInternal: {fileID: 0}
  m_GameObject: {fileID: 293813746}
  m_Enabled: 1
  m_EditorHideFlags: 0
  m_Script: {fileID: 11500000, guid: 08c7cb67b92422c4bba3262c2597f720, type: 3}
  m_Name: 
  m_EditorClassIdentifier: 
  room: {fileID: 0}
  NewGame: 0
  RoomsInStep: 
  RoomButtonPrefab: {fileID: 1058003040736952, guid: 60622e6c88f70ea48830a4f740a7c7ac,
    type: 2}
  RoomDistributionList: []
  GoldRoomStep: 0
  exceptionSteps: 
--- !u!1 &297989923
GameObject:
  m_ObjectHideFlags: 0
  m_PrefabParentObject: {fileID: 1086442625640156, guid: 3adaf6d15bfc1114dbb44db0288bfc80,
    type: 2}
  m_PrefabInternal: {fileID: 225829076}
  serializedVersion: 5
  m_Component:
  - component: {fileID: 297989926}
  - component: {fileID: 297989925}
  - component: {fileID: 297989924}
  m_Layer: 0
  m_Name: EventSystem
  m_TagString: Untagged
  m_Icon: {fileID: 0}
  m_NavMeshLayer: 0
  m_StaticEditorFlags: 0
  m_IsActive: 1
--- !u!114 &297989924
MonoBehaviour:
  m_ObjectHideFlags: 0
  m_PrefabParentObject: {fileID: 114859133724538572, guid: 3adaf6d15bfc1114dbb44db0288bfc80,
    type: 2}
  m_PrefabInternal: {fileID: 225829076}
  m_GameObject: {fileID: 297989923}
  m_Enabled: 1
  m_EditorHideFlags: 0
  m_Script: {fileID: 1077351063, guid: f70555f144d8491a825f0804e09c671c, type: 3}
  m_Name: 
  m_EditorClassIdentifier: 
  m_HorizontalAxis: Horizontal
  m_VerticalAxis: Vertical
  m_SubmitButton: Submit
  m_CancelButton: Cancel
  m_InputActionsPerSecond: 10
  m_RepeatDelay: 0.5
  m_ForceModuleActive: 0
--- !u!114 &297989925
MonoBehaviour:
  m_ObjectHideFlags: 0
  m_PrefabParentObject: {fileID: 114569597238773340, guid: 3adaf6d15bfc1114dbb44db0288bfc80,
    type: 2}
  m_PrefabInternal: {fileID: 225829076}
  m_GameObject: {fileID: 297989923}
  m_Enabled: 1
  m_EditorHideFlags: 0
  m_Script: {fileID: -619905303, guid: f70555f144d8491a825f0804e09c671c, type: 3}
  m_Name: 
  m_EditorClassIdentifier: 
  m_FirstSelected: {fileID: 0}
  m_sendNavigationEvents: 1
  m_DragThreshold: 5
--- !u!4 &297989926
Transform:
  m_ObjectHideFlags: 0
  m_PrefabParentObject: {fileID: 4003241462577428, guid: 3adaf6d15bfc1114dbb44db0288bfc80,
    type: 2}
  m_PrefabInternal: {fileID: 225829076}
  m_GameObject: {fileID: 297989923}
  m_LocalRotation: {x: 0, y: 0, z: 0, w: 1}
  m_LocalPosition: {x: 0, y: 0, z: 0}
  m_LocalScale: {x: 1, y: 1, z: 1}
  m_Children: []
  m_Father: {fileID: 0}
  m_RootOrder: 3
  m_LocalEulerAnglesHint: {x: 0, y: 0, z: 0}
--- !u!224 &522151735 stripped
RectTransform:
  m_PrefabParentObject: {fileID: 224117475837006628, guid: 44614d77de7cbfc47adfb81b80042b2b,
    type: 2}
  m_PrefabInternal: {fileID: 547046568}
--- !u!1 &539979851
GameObject:
  m_ObjectHideFlags: 0
  m_PrefabParentObject: {fileID: 0}
  m_PrefabInternal: {fileID: 0}
  serializedVersion: 5
  m_Component:
  - component: {fileID: 539979852}
  m_Layer: 5
  m_Name: MapObj
  m_TagString: Untagged
  m_Icon: {fileID: 0}
  m_NavMeshLayer: 0
  m_StaticEditorFlags: 0
  m_IsActive: 1
--- !u!224 &539979852
RectTransform:
  m_ObjectHideFlags: 0
  m_PrefabParentObject: {fileID: 0}
  m_PrefabInternal: {fileID: 0}
  m_GameObject: {fileID: 539979851}
  m_LocalRotation: {x: -0, y: -0, z: -0, w: 1}
  m_LocalPosition: {x: 0, y: 0, z: 0}
  m_LocalScale: {x: 1, y: 1, z: 1}
  m_Children:
  - {fileID: 148646979}
  m_Father: {fileID: 141148327}
  m_RootOrder: 1
  m_LocalEulerAnglesHint: {x: 0, y: 0, z: 0}
  m_AnchorMin: {x: 0, y: 0.5}
  m_AnchorMax: {x: 0, y: 0.5}
  m_AnchoredPosition: {x: -910, y: 0}
  m_SizeDelta: {x: 105.7, y: 100}
  m_Pivot: {x: 0.5, y: 0.5}
--- !u!1001 &547046568
Prefab:
  m_ObjectHideFlags: 0
  serializedVersion: 2
  m_Modification:
    m_TransformParent: {fileID: 1969989146}
    m_Modifications:
    - target: {fileID: 224117475837006628, guid: 44614d77de7cbfc47adfb81b80042b2b,
        type: 2}
      propertyPath: m_LocalPosition.x
      value: 0
      objectReference: {fileID: 0}
    - target: {fileID: 224117475837006628, guid: 44614d77de7cbfc47adfb81b80042b2b,
        type: 2}
      propertyPath: m_LocalPosition.y
      value: 0
      objectReference: {fileID: 0}
    - target: {fileID: 224117475837006628, guid: 44614d77de7cbfc47adfb81b80042b2b,
        type: 2}
      propertyPath: m_LocalPosition.z
      value: 0
      objectReference: {fileID: 0}
    - target: {fileID: 224117475837006628, guid: 44614d77de7cbfc47adfb81b80042b2b,
        type: 2}
      propertyPath: m_LocalRotation.x
      value: -0
      objectReference: {fileID: 0}
    - target: {fileID: 224117475837006628, guid: 44614d77de7cbfc47adfb81b80042b2b,
        type: 2}
      propertyPath: m_LocalRotation.y
      value: -0
      objectReference: {fileID: 0}
    - target: {fileID: 224117475837006628, guid: 44614d77de7cbfc47adfb81b80042b2b,
        type: 2}
      propertyPath: m_LocalRotation.z
      value: -0
      objectReference: {fileID: 0}
    - target: {fileID: 224117475837006628, guid: 44614d77de7cbfc47adfb81b80042b2b,
        type: 2}
      propertyPath: m_LocalRotation.w
      value: 1
      objectReference: {fileID: 0}
    - target: {fileID: 224117475837006628, guid: 44614d77de7cbfc47adfb81b80042b2b,
        type: 2}
      propertyPath: m_RootOrder
      value: 2
      objectReference: {fileID: 0}
    - target: {fileID: 224117475837006628, guid: 44614d77de7cbfc47adfb81b80042b2b,
        type: 2}
      propertyPath: m_AnchoredPosition.x
      value: -745
      objectReference: {fileID: 0}
    - target: {fileID: 224117475837006628, guid: 44614d77de7cbfc47adfb81b80042b2b,
        type: 2}
      propertyPath: m_AnchoredPosition.y
      value: 450
      objectReference: {fileID: 0}
    - target: {fileID: 224117475837006628, guid: 44614d77de7cbfc47adfb81b80042b2b,
        type: 2}
      propertyPath: m_SizeDelta.x
      value: 327.2
      objectReference: {fileID: 0}
    - target: {fileID: 224117475837006628, guid: 44614d77de7cbfc47adfb81b80042b2b,
        type: 2}
      propertyPath: m_SizeDelta.y
      value: 74.6
      objectReference: {fileID: 0}
    - target: {fileID: 224117475837006628, guid: 44614d77de7cbfc47adfb81b80042b2b,
        type: 2}
      propertyPath: m_AnchorMin.x
      value: 0.5
      objectReference: {fileID: 0}
    - target: {fileID: 224117475837006628, guid: 44614d77de7cbfc47adfb81b80042b2b,
        type: 2}
      propertyPath: m_AnchorMin.y
      value: 0.5
      objectReference: {fileID: 0}
    - target: {fileID: 224117475837006628, guid: 44614d77de7cbfc47adfb81b80042b2b,
        type: 2}
      propertyPath: m_AnchorMax.x
      value: 0.5
      objectReference: {fileID: 0}
    - target: {fileID: 224117475837006628, guid: 44614d77de7cbfc47adfb81b80042b2b,
        type: 2}
      propertyPath: m_AnchorMax.y
      value: 0.5
      objectReference: {fileID: 0}
    - target: {fileID: 224117475837006628, guid: 44614d77de7cbfc47adfb81b80042b2b,
        type: 2}
      propertyPath: m_Pivot.x
      value: 0.5
      objectReference: {fileID: 0}
    - target: {fileID: 224117475837006628, guid: 44614d77de7cbfc47adfb81b80042b2b,
        type: 2}
      propertyPath: m_Pivot.y
      value: 0.5
      objectReference: {fileID: 0}
    - target: {fileID: 114298290808342014, guid: 44614d77de7cbfc47adfb81b80042b2b,
        type: 2}
      propertyPath: m_OnClick.m_PersistentCalls.m_Calls.Array.data[1].m_Target
      value: 
      objectReference: {fileID: 141148326}
    - target: {fileID: 114298290808342014, guid: 44614d77de7cbfc47adfb81b80042b2b,
        type: 2}
      propertyPath: m_OnClick.m_PersistentCalls.m_Calls.Array.data[2].m_Target
      value: 
      objectReference: {fileID: 0}
    - target: {fileID: 114298290808342014, guid: 44614d77de7cbfc47adfb81b80042b2b,
        type: 2}
      propertyPath: m_OnClick.m_PersistentCalls.m_Calls.Array.data[3].m_Target
      value: 
      objectReference: {fileID: 0}
    - target: {fileID: 114298290808342014, guid: 44614d77de7cbfc47adfb81b80042b2b,
        type: 2}
      propertyPath: m_OnClick.m_PersistentCalls.m_Calls.Array.data[4].m_Target
      value: 
      objectReference: {fileID: 0}
    m_RemovedComponents: []
  m_ParentPrefab: {fileID: 100100000, guid: 44614d77de7cbfc47adfb81b80042b2b, type: 2}
  m_IsPrefabParent: 0
--- !u!1 &555018808
GameObject:
  m_ObjectHideFlags: 0
  m_PrefabParentObject: {fileID: 1750411900112278, guid: cb0b930eaabef79469f19b2089623e27,
    type: 2}
  m_PrefabInternal: {fileID: 1192618650}
  serializedVersion: 5
  m_Component:
  - component: {fileID: 555018811}
  - component: {fileID: 1418696200}
  - component: {fileID: 555018810}
  - component: {fileID: 555018809}
  m_Layer: 0
  m_Name: Main Camera
  m_TagString: MainCamera
  m_Icon: {fileID: 0}
  m_NavMeshLayer: 0
  m_StaticEditorFlags: 0
  m_IsActive: 1
--- !u!81 &555018809
AudioListener:
  m_ObjectHideFlags: 0
  m_PrefabParentObject: {fileID: 81242426666966536, guid: cb0b930eaabef79469f19b2089623e27,
    type: 2}
  m_PrefabInternal: {fileID: 1192618650}
  m_GameObject: {fileID: 555018808}
  m_Enabled: 1
--- !u!124 &555018810
Behaviour:
  m_ObjectHideFlags: 0
  m_PrefabParentObject: {fileID: 124565340928850646, guid: cb0b930eaabef79469f19b2089623e27,
    type: 2}
  m_PrefabInternal: {fileID: 1192618650}
  m_GameObject: {fileID: 555018808}
  m_Enabled: 1
--- !u!4 &555018811
Transform:
  m_ObjectHideFlags: 0
  m_PrefabParentObject: {fileID: 4466530311557884, guid: cb0b930eaabef79469f19b2089623e27,
    type: 2}
  m_PrefabInternal: {fileID: 1192618650}
  m_GameObject: {fileID: 555018808}
  m_LocalRotation: {x: 0, y: 0, z: 0, w: 1}
  m_LocalPosition: {x: 0, y: 0, z: 200}
  m_LocalScale: {x: 1, y: 1, z: 1}
  m_Children: []
  m_Father: {fileID: 0}
  m_RootOrder: 0
  m_LocalEulerAnglesHint: {x: 0, y: 0, z: 0}
--- !u!1 &649325004
GameObject:
  m_ObjectHideFlags: 0
  m_PrefabParentObject: {fileID: 1954424078447662, guid: da504f08b07a652468123870137f2e4a,
    type: 2}
  m_PrefabInternal: {fileID: 0}
  serializedVersion: 5
  m_Component:
  - component: {fileID: 649325005}
  - component: {fileID: 649325006}
  m_Layer: 5
  m_Name: "R\xE4ume"
  m_TagString: Canvas
  m_Icon: {fileID: 0}
  m_NavMeshLayer: 0
  m_StaticEditorFlags: 0
  m_IsActive: 1
--- !u!224 &649325005
RectTransform:
  m_ObjectHideFlags: 0
  m_PrefabParentObject: {fileID: 224044607311031078, guid: da504f08b07a652468123870137f2e4a,
    type: 2}
  m_PrefabInternal: {fileID: 0}
  m_GameObject: {fileID: 649325004}
  m_LocalRotation: {x: 0, y: 0, z: 0, w: 1}
  m_LocalPosition: {x: 0, y: 0, z: 0}
  m_LocalScale: {x: 1, y: 1, z: 1}
  m_Children:
  - {fileID: 293813747}
  m_Father: {fileID: 148646979}
  m_RootOrder: 0
  m_LocalEulerAnglesHint: {x: 0, y: 0, z: 0}
  m_AnchorMin: {x: 0, y: 0.5}
  m_AnchorMax: {x: 0, y: 0.5}
  m_AnchoredPosition: {x: 960, y: 0}
  m_SizeDelta: {x: 1920, y: 1080}
  m_Pivot: {x: 0.5, y: 0.5}
--- !u!114 &649325006
MonoBehaviour:
  m_ObjectHideFlags: 0
  m_PrefabParentObject: {fileID: 0}
  m_PrefabInternal: {fileID: 0}
  m_GameObject: {fileID: 649325004}
  m_Enabled: 1
  m_EditorHideFlags: 0
  m_Script: {fileID: 11500000, guid: 72a1ff32fb6fb16448b61d65227f329c, type: 3}
  m_Name: 
  m_EditorClassIdentifier: 
--- !u!1 &697047597
GameObject:
  m_ObjectHideFlags: 0
  m_PrefabParentObject: {fileID: 1228283475805154, guid: f81559a3a9cf14b4f9af229fa4c942ca,
    type: 2}
  m_PrefabInternal: {fileID: 0}
  serializedVersion: 5
  m_Component:
  - component: {fileID: 697047599}
  - component: {fileID: 697047598}
  - component: {fileID: 697047600}
  - component: {fileID: 697047601}
  m_Layer: 0
  m_Name: Database
  m_TagString: Untagged
  m_Icon: {fileID: 0}
  m_NavMeshLayer: 0
  m_StaticEditorFlags: 0
  m_IsActive: 1
--- !u!114 &697047598
MonoBehaviour:
  m_ObjectHideFlags: 0
  m_PrefabParentObject: {fileID: 114918103395613856, guid: f81559a3a9cf14b4f9af229fa4c942ca,
    type: 2}
  m_PrefabInternal: {fileID: 0}
  m_GameObject: {fileID: 697047597}
  m_Enabled: 1
  m_EditorHideFlags: 0
  m_Script: {fileID: 11500000, guid: 3ca68936ee13bca438f1a7fd4b197848, type: 3}
  m_Name: 
  m_EditorClassIdentifier: 
  skills: []
--- !u!224 &697047599
RectTransform:
  m_ObjectHideFlags: 0
  m_PrefabParentObject: {fileID: 224613712301572920, guid: f81559a3a9cf14b4f9af229fa4c942ca,
    type: 2}
  m_PrefabInternal: {fileID: 0}
  m_GameObject: {fileID: 697047597}
  m_LocalRotation: {x: -0, y: -0, z: -0, w: 1}
  m_LocalPosition: {x: 0, y: 0, z: 0}
  m_LocalScale: {x: 1, y: 1, z: 1}
  m_Children: []
  m_Father: {fileID: 0}
  m_RootOrder: 2
  m_LocalEulerAnglesHint: {x: 0, y: 0, z: 0}
  m_AnchorMin: {x: 0, y: 1}
  m_AnchorMax: {x: 0, y: 1}
  m_AnchoredPosition: {x: -150, y: 150}
  m_SizeDelta: {x: 230, y: 230}
  m_Pivot: {x: 0.5, y: 0.5}
--- !u!114 &697047600
MonoBehaviour:
  m_ObjectHideFlags: 0
  m_PrefabParentObject: {fileID: 0}
  m_PrefabInternal: {fileID: 0}
  m_GameObject: {fileID: 697047597}
  m_Enabled: 1
  m_EditorHideFlags: 0
  m_Script: {fileID: 11500000, guid: 258ce6992152020458c8287b9593fdfe, type: 3}
  m_Name: 
  m_EditorClassIdentifier: 
--- !u!114 &697047601
MonoBehaviour:
  m_ObjectHideFlags: 0
  m_PrefabParentObject: {fileID: 0}
  m_PrefabInternal: {fileID: 0}
  m_GameObject: {fileID: 697047597}
  m_Enabled: 1
  m_EditorHideFlags: 0
  m_Script: {fileID: 11500000, guid: dcbbfda6d2ad96744ab3705e91b537cb, type: 3}
  m_Name: 
  m_EditorClassIdentifier: 
  items: []
--- !u!1001 &770180580
Prefab:
  m_ObjectHideFlags: 0
  serializedVersion: 2
  m_Modification:
    m_TransformParent: {fileID: 1969989146}
    m_Modifications:
    - target: {fileID: 224988991084092796, guid: 8e183a0eebe18f4448620e8578d8ce8e,
        type: 2}
      propertyPath: m_LocalPosition.x
      value: 0
      objectReference: {fileID: 0}
    - target: {fileID: 224988991084092796, guid: 8e183a0eebe18f4448620e8578d8ce8e,
        type: 2}
      propertyPath: m_LocalPosition.y
      value: 0
      objectReference: {fileID: 0}
    - target: {fileID: 224988991084092796, guid: 8e183a0eebe18f4448620e8578d8ce8e,
        type: 2}
      propertyPath: m_LocalPosition.z
      value: 0
      objectReference: {fileID: 0}
    - target: {fileID: 224988991084092796, guid: 8e183a0eebe18f4448620e8578d8ce8e,
        type: 2}
      propertyPath: m_LocalRotation.x
      value: -0
      objectReference: {fileID: 0}
    - target: {fileID: 224988991084092796, guid: 8e183a0eebe18f4448620e8578d8ce8e,
        type: 2}
      propertyPath: m_LocalRotation.y
      value: -0
      objectReference: {fileID: 0}
    - target: {fileID: 224988991084092796, guid: 8e183a0eebe18f4448620e8578d8ce8e,
        type: 2}
      propertyPath: m_LocalRotation.z
      value: -0
      objectReference: {fileID: 0}
    - target: {fileID: 224988991084092796, guid: 8e183a0eebe18f4448620e8578d8ce8e,
        type: 2}
      propertyPath: m_LocalRotation.w
      value: 1
      objectReference: {fileID: 0}
    - target: {fileID: 224988991084092796, guid: 8e183a0eebe18f4448620e8578d8ce8e,
        type: 2}
      propertyPath: m_RootOrder
      value: 4
      objectReference: {fileID: 0}
    - target: {fileID: 224988991084092796, guid: 8e183a0eebe18f4448620e8578d8ce8e,
        type: 2}
      propertyPath: m_AnchoredPosition.x
      value: -960
      objectReference: {fileID: 0}
    - target: {fileID: 224988991084092796, guid: 8e183a0eebe18f4448620e8578d8ce8e,
        type: 2}
      propertyPath: m_AnchoredPosition.y
      value: -540
      objectReference: {fileID: 0}
    - target: {fileID: 224988991084092796, guid: 8e183a0eebe18f4448620e8578d8ce8e,
        type: 2}
      propertyPath: m_SizeDelta.x
      value: 100
      objectReference: {fileID: 0}
    - target: {fileID: 224988991084092796, guid: 8e183a0eebe18f4448620e8578d8ce8e,
        type: 2}
      propertyPath: m_SizeDelta.y
      value: 100
      objectReference: {fileID: 0}
    - target: {fileID: 224988991084092796, guid: 8e183a0eebe18f4448620e8578d8ce8e,
        type: 2}
      propertyPath: m_AnchorMin.x
      value: 0.5
      objectReference: {fileID: 0}
    - target: {fileID: 224988991084092796, guid: 8e183a0eebe18f4448620e8578d8ce8e,
        type: 2}
      propertyPath: m_AnchorMin.y
      value: 0.5
      objectReference: {fileID: 0}
    - target: {fileID: 224988991084092796, guid: 8e183a0eebe18f4448620e8578d8ce8e,
        type: 2}
      propertyPath: m_AnchorMax.x
      value: 0.5
      objectReference: {fileID: 0}
    - target: {fileID: 224988991084092796, guid: 8e183a0eebe18f4448620e8578d8ce8e,
        type: 2}
      propertyPath: m_AnchorMax.y
      value: 0.5
      objectReference: {fileID: 0}
    - target: {fileID: 224988991084092796, guid: 8e183a0eebe18f4448620e8578d8ce8e,
        type: 2}
      propertyPath: m_Pivot.x
      value: 0.5
      objectReference: {fileID: 0}
    - target: {fileID: 224988991084092796, guid: 8e183a0eebe18f4448620e8578d8ce8e,
        type: 2}
      propertyPath: m_Pivot.y
      value: 0.5
      objectReference: {fileID: 0}
    - target: {fileID: 114219627184720664, guid: 8e183a0eebe18f4448620e8578d8ce8e,
        type: 2}
      propertyPath: m_OnClick.m_PersistentCalls.m_Calls.Array.data[0].m_Target
      value: 
      objectReference: {fileID: 1969989147}
    - target: {fileID: 114219627184720664, guid: 8e183a0eebe18f4448620e8578d8ce8e,
        type: 2}
      propertyPath: m_OnClick.m_PersistentCalls.m_Calls.Array.data[0].m_MethodName
      value: RestartRun
      objectReference: {fileID: 0}
    - target: {fileID: 1184338821548746, guid: 8e183a0eebe18f4448620e8578d8ce8e, type: 2}
      propertyPath: m_IsActive
      value: 0
      objectReference: {fileID: 0}
    - target: {fileID: 224197529708383604, guid: 8e183a0eebe18f4448620e8578d8ce8e,
        type: 2}
      propertyPath: m_AnchorMax.x
      value: 0.5
      objectReference: {fileID: 0}
    - target: {fileID: 224197529708383604, guid: 8e183a0eebe18f4448620e8578d8ce8e,
        type: 2}
      propertyPath: m_AnchorMax.y
      value: 1
      objectReference: {fileID: 0}
    - target: {fileID: 224588683212162934, guid: 8e183a0eebe18f4448620e8578d8ce8e,
        type: 2}
      propertyPath: m_AnchorMin.x
      value: 0.5
      objectReference: {fileID: 0}
    - target: {fileID: 224588683212162934, guid: 8e183a0eebe18f4448620e8578d8ce8e,
        type: 2}
      propertyPath: m_AnchorMax.x
      value: 0.5
      objectReference: {fileID: 0}
    - target: {fileID: 224588683212162934, guid: 8e183a0eebe18f4448620e8578d8ce8e,
        type: 2}
      propertyPath: m_AnchorMax.y
      value: 1
      objectReference: {fileID: 0}
    - target: {fileID: 224078552459365694, guid: 8e183a0eebe18f4448620e8578d8ce8e,
        type: 2}
      propertyPath: m_AnchorMax.x
      value: 0.5
      objectReference: {fileID: 0}
    - target: {fileID: 224078552459365694, guid: 8e183a0eebe18f4448620e8578d8ce8e,
        type: 2}
      propertyPath: m_AnchorMax.y
      value: 1
      objectReference: {fileID: 0}
    - target: {fileID: 224878489722091116, guid: 8e183a0eebe18f4448620e8578d8ce8e,
        type: 2}
      propertyPath: m_AnchorMin.x
      value: 0.5
      objectReference: {fileID: 0}
    - target: {fileID: 224878489722091116, guid: 8e183a0eebe18f4448620e8578d8ce8e,
        type: 2}
      propertyPath: m_AnchorMax.x
      value: 0.5
      objectReference: {fileID: 0}
    - target: {fileID: 224878489722091116, guid: 8e183a0eebe18f4448620e8578d8ce8e,
        type: 2}
      propertyPath: m_AnchorMax.y
      value: 1
      objectReference: {fileID: 0}
    - target: {fileID: 114267391646741632, guid: 8e183a0eebe18f4448620e8578d8ce8e,
        type: 2}
      propertyPath: m_OnClick.m_PersistentCalls.m_Calls.Array.data[1].m_Target
      value: 
      objectReference: {fileID: 141148326}
    - target: {fileID: 114267391646741632, guid: 8e183a0eebe18f4448620e8578d8ce8e,
        type: 2}
      propertyPath: m_OnClick.m_PersistentCalls.m_Calls.Array.data[1].m_MethodName
      value: SetActive
      objectReference: {fileID: 0}
    m_RemovedComponents: []
  m_ParentPrefab: {fileID: 100100000, guid: 8e183a0eebe18f4448620e8578d8ce8e, type: 2}
  m_IsPrefabParent: 0
--- !u!224 &770180581 stripped
RectTransform:
  m_PrefabParentObject: {fileID: 224988991084092796, guid: 8e183a0eebe18f4448620e8578d8ce8e,
    type: 2}
  m_PrefabInternal: {fileID: 770180580}
--- !u!1 &770180582 stripped
GameObject:
  m_PrefabParentObject: {fileID: 1184338821548746, guid: 8e183a0eebe18f4448620e8578d8ce8e,
    type: 2}
  m_PrefabInternal: {fileID: 770180580}
--- !u!1 &1012367611
GameObject:
  m_ObjectHideFlags: 0
  m_PrefabParentObject: {fileID: 1624564563334988, guid: da504f08b07a652468123870137f2e4a,
    type: 2}
  m_PrefabInternal: {fileID: 0}
  serializedVersion: 5
  m_Component:
  - component: {fileID: 1012367612}
  - component: {fileID: 1012367614}
  - component: {fileID: 1012367613}
  m_Layer: 5
  m_Name: Background
  m_TagString: Untagged
  m_Icon: {fileID: 0}
  m_NavMeshLayer: 0
  m_StaticEditorFlags: 0
  m_IsActive: 1
--- !u!224 &1012367612
RectTransform:
  m_ObjectHideFlags: 0
  m_PrefabParentObject: {fileID: 224618206851927922, guid: da504f08b07a652468123870137f2e4a,
    type: 2}
  m_PrefabInternal: {fileID: 0}
  m_GameObject: {fileID: 1012367611}
  m_LocalRotation: {x: -0, y: -0, z: -0, w: 1}
  m_LocalPosition: {x: 0, y: 0, z: 0}
  m_LocalScale: {x: 1, y: 1, z: 1}
  m_Children: []
  m_Father: {fileID: 141148327}
  m_RootOrder: 0
  m_LocalEulerAnglesHint: {x: 0, y: 0, z: 0}
  m_AnchorMin: {x: 0, y: 0}
  m_AnchorMax: {x: 1, y: 1}
  m_AnchoredPosition: {x: 0, y: 3.2999992}
  m_SizeDelta: {x: 1893.4, y: 1045.1}
  m_Pivot: {x: 0.5, y: 0.5}
--- !u!114 &1012367613
MonoBehaviour:
  m_ObjectHideFlags: 0
  m_PrefabParentObject: {fileID: 114435737451800580, guid: da504f08b07a652468123870137f2e4a,
    type: 2}
  m_PrefabInternal: {fileID: 0}
  m_GameObject: {fileID: 1012367611}
  m_Enabled: 1
  m_EditorHideFlags: 0
  m_Script: {fileID: -765806418, guid: f70555f144d8491a825f0804e09c671c, type: 3}
  m_Name: 
  m_EditorClassIdentifier: 
  m_Material: {fileID: 0}
  m_Color: {r: 1, g: 1, b: 1, a: 1}
  m_RaycastTarget: 1
  m_OnCullStateChanged:
    m_PersistentCalls:
      m_Calls: []
    m_TypeName: UnityEngine.UI.MaskableGraphic+CullStateChangedEvent, UnityEngine.UI,
      Version=1.0.0.0, Culture=neutral, PublicKeyToken=null
  m_Sprite: {fileID: 21300000, guid: 29e5fec6fbf19634bbd34fc5958e7fbf, type: 3}
  m_Type: 0
  m_PreserveAspect: 0
  m_FillCenter: 1
  m_FillMethod: 4
  m_FillAmount: 1
  m_FillClockwise: 1
  m_FillOrigin: 0
--- !u!222 &1012367614
CanvasRenderer:
  m_ObjectHideFlags: 0
  m_PrefabParentObject: {fileID: 222343748795667838, guid: da504f08b07a652468123870137f2e4a,
    type: 2}
  m_PrefabInternal: {fileID: 0}
  m_GameObject: {fileID: 1012367611}
--- !u!1001 &1192618650
Prefab:
  m_ObjectHideFlags: 0
  serializedVersion: 2
  m_Modification:
    m_TransformParent: {fileID: 0}
    m_Modifications:
    - target: {fileID: 4466530311557884, guid: cb0b930eaabef79469f19b2089623e27, type: 2}
      propertyPath: m_LocalPosition.x
      value: 0
      objectReference: {fileID: 0}
    - target: {fileID: 4466530311557884, guid: cb0b930eaabef79469f19b2089623e27, type: 2}
      propertyPath: m_LocalPosition.y
      value: 0
      objectReference: {fileID: 0}
    - target: {fileID: 4466530311557884, guid: cb0b930eaabef79469f19b2089623e27, type: 2}
      propertyPath: m_LocalPosition.z
      value: 200
      objectReference: {fileID: 0}
    - target: {fileID: 4466530311557884, guid: cb0b930eaabef79469f19b2089623e27, type: 2}
      propertyPath: m_LocalRotation.x
      value: 0
      objectReference: {fileID: 0}
    - target: {fileID: 4466530311557884, guid: cb0b930eaabef79469f19b2089623e27, type: 2}
      propertyPath: m_LocalRotation.y
      value: 0
      objectReference: {fileID: 0}
    - target: {fileID: 4466530311557884, guid: cb0b930eaabef79469f19b2089623e27, type: 2}
      propertyPath: m_LocalRotation.z
      value: 0
      objectReference: {fileID: 0}
    - target: {fileID: 4466530311557884, guid: cb0b930eaabef79469f19b2089623e27, type: 2}
      propertyPath: m_LocalRotation.w
      value: 1
      objectReference: {fileID: 0}
    - target: {fileID: 4466530311557884, guid: cb0b930eaabef79469f19b2089623e27, type: 2}
      propertyPath: m_RootOrder
      value: 0
      objectReference: {fileID: 0}
    m_RemovedComponents: []
  m_ParentPrefab: {fileID: 100100000, guid: cb0b930eaabef79469f19b2089623e27, type: 2}
  m_IsPrefabParent: 0
--- !u!20 &1418696200
Camera:
  m_ObjectHideFlags: 0
  m_PrefabParentObject: {fileID: 20678693853935192, guid: cb0b930eaabef79469f19b2089623e27,
    type: 2}
  m_PrefabInternal: {fileID: 1192618650}
  m_GameObject: {fileID: 555018808}
  m_Enabled: 1
  serializedVersion: 2
  m_ClearFlags: 1
  m_BackGroundColor: {r: 0.19215687, g: 0.3019608, b: 0.4745098, a: 0}
  m_NormalizedViewPortRect:
    serializedVersion: 2
    x: 0
    y: 0
    width: 1
    height: 1
  near clip plane: 0.3
  far clip plane: 1000
  field of view: 60
  orthographic: 1
  orthographic size: 13.376563
  m_Depth: -1
  m_CullingMask:
    serializedVersion: 2
    m_Bits: 4294967295
  m_RenderingPath: -1
  m_TargetTexture: {fileID: 0}
  m_TargetDisplay: 0
  m_TargetEye: 3
  m_HDR: 1
  m_AllowMSAA: 1
  m_AllowDynamicResolution: 0
  m_ForceIntoRT: 0
  m_OcclusionCulling: 1
  m_StereoConvergence: 10
  m_StereoSeparation: 0.022
--- !u!1 &1969989140
GameObject:
  m_ObjectHideFlags: 0
  m_PrefabParentObject: {fileID: 1228063501540882, guid: da504f08b07a652468123870137f2e4a,
    type: 2}
  m_PrefabInternal: {fileID: 0}
  serializedVersion: 5
  m_Component:
  - component: {fileID: 1969989146}
  - component: {fileID: 1969989145}
  - component: {fileID: 1969989144}
  - component: {fileID: 1969989143}
  - component: {fileID: 1969989142}
  - component: {fileID: 1969989141}
  - component: {fileID: 1969989147}
  m_Layer: 5
  m_Name: Canvas
  m_TagString: Canvas
  m_Icon: {fileID: 0}
  m_NavMeshLayer: 0
  m_StaticEditorFlags: 0
  m_IsActive: 1
--- !u!114 &1969989141
MonoBehaviour:
  m_ObjectHideFlags: 0
  m_PrefabParentObject: {fileID: 114850978105014360, guid: da504f08b07a652468123870137f2e4a,
    type: 2}
  m_PrefabInternal: {fileID: 0}
  m_GameObject: {fileID: 1969989140}
  m_Enabled: 1
  m_EditorHideFlags: 0
  m_Script: {fileID: 11500000, guid: 493418f6ac1d57e4a9d1dcddbf86bfd1, type: 3}
  m_Name: 
  m_EditorClassIdentifier: 
--- !u!82 &1969989142
AudioSource:
  m_ObjectHideFlags: 0
  m_PrefabParentObject: {fileID: 82139348732643824, guid: da504f08b07a652468123870137f2e4a,
    type: 2}
  m_PrefabInternal: {fileID: 0}
  m_GameObject: {fileID: 1969989140}
  m_Enabled: 1
  serializedVersion: 4
  OutputAudioMixerGroup: {fileID: 0}
  m_audioClip: {fileID: 8300000, guid: 266672f101646d740989bebcd39d1b61, type: 3}
  m_PlayOnAwake: 1
  m_Volume: 1
  m_Pitch: 0.9
  Loop: 0
  Mute: 0
  Spatialize: 0
  SpatializePostEffects: 0
  Priority: 128
  DopplerLevel: 1
  MinDistance: 1
  MaxDistance: 500
  Pan2D: 0
  rolloffMode: 0
  BypassEffects: 0
  BypassListenerEffects: 0
  BypassReverbZones: 0
  rolloffCustomCurve:
    serializedVersion: 2
    m_Curve:
    - serializedVersion: 3
      time: 0
      value: 1
      inSlope: 0
      outSlope: 0
      tangentMode: 0
      weightedMode: 0
      inWeight: 0.33333334
      outWeight: 0.33333334
    - serializedVersion: 3
      time: 1
      value: 0
      inSlope: 0
      outSlope: 0
      tangentMode: 0
      weightedMode: 0
      inWeight: 0.33333334
      outWeight: 0.33333334
    m_PreInfinity: 2
    m_PostInfinity: 2
    m_RotationOrder: 4
  panLevelCustomCurve:
    serializedVersion: 2
    m_Curve:
    - serializedVersion: 3
      time: 0
      value: 0
      inSlope: 0
      outSlope: 0
      tangentMode: 0
      weightedMode: 0
      inWeight: 0.33333334
      outWeight: 0.33333334
    m_PreInfinity: 2
    m_PostInfinity: 2
    m_RotationOrder: 0
  spreadCustomCurve:
    serializedVersion: 2
    m_Curve:
    - serializedVersion: 3
      time: 0
      value: 0
      inSlope: 0
      outSlope: 0
      tangentMode: 0
      weightedMode: 0
      inWeight: 0.33333334
      outWeight: 0.33333334
    m_PreInfinity: 2
    m_PostInfinity: 2
    m_RotationOrder: 4
  reverbZoneMixCustomCurve:
    serializedVersion: 2
    m_Curve:
    - serializedVersion: 3
      time: 0
      value: 1
      inSlope: 0
      outSlope: 0
      tangentMode: 0
      weightedMode: 0
      inWeight: 0.33333334
      outWeight: 0.33333334
    m_PreInfinity: 2
    m_PostInfinity: 2
    m_RotationOrder: 0
--- !u!114 &1969989143
MonoBehaviour:
  m_ObjectHideFlags: 0
  m_PrefabParentObject: {fileID: 114222275026249620, guid: da504f08b07a652468123870137f2e4a,
    type: 2}
  m_PrefabInternal: {fileID: 0}
  m_GameObject: {fileID: 1969989140}
  m_Enabled: 1
  m_EditorHideFlags: 0
  m_Script: {fileID: 1301386320, guid: f70555f144d8491a825f0804e09c671c, type: 3}
  m_Name: 
  m_EditorClassIdentifier: 
  m_IgnoreReversedGraphics: 1
  m_BlockingObjects: 0
  m_BlockingMask:
    serializedVersion: 2
    m_Bits: 4294967295
--- !u!114 &1969989144
MonoBehaviour:
  m_ObjectHideFlags: 0
  m_PrefabParentObject: {fileID: 114415371856268778, guid: da504f08b07a652468123870137f2e4a,
    type: 2}
  m_PrefabInternal: {fileID: 0}
  m_GameObject: {fileID: 1969989140}
  m_Enabled: 1
  m_EditorHideFlags: 0
  m_Script: {fileID: 1980459831, guid: f70555f144d8491a825f0804e09c671c, type: 3}
  m_Name: 
  m_EditorClassIdentifier: 
  m_UiScaleMode: 1
  m_ReferencePixelsPerUnit: 100
  m_ScaleFactor: 1
  m_ReferenceResolution: {x: 1920, y: 1080}
  m_ScreenMatchMode: 0
  m_MatchWidthOrHeight: 0
  m_PhysicalUnit: 3
  m_FallbackScreenDPI: 96
  m_DefaultSpriteDPI: 96
  m_DynamicPixelsPerUnit: 1
--- !u!223 &1969989145
Canvas:
  m_ObjectHideFlags: 0
  m_PrefabParentObject: {fileID: 223597074142177816, guid: da504f08b07a652468123870137f2e4a,
    type: 2}
  m_PrefabInternal: {fileID: 0}
  m_GameObject: {fileID: 1969989140}
  m_Enabled: 1
  serializedVersion: 3
  m_RenderMode: 1
  m_Camera: {fileID: 1418696200}
  m_PlaneDistance: 100
  m_PixelPerfect: 0
  m_ReceivesEvents: 1
  m_OverrideSorting: 0
  m_OverridePixelPerfect: 0
  m_SortingBucketNormalizedSize: 0
  m_AdditionalShaderChannelsFlag: 25
  m_SortingLayerID: 0
  m_SortingOrder: 0
  m_TargetDisplay: 0
--- !u!224 &1969989146
RectTransform:
  m_ObjectHideFlags: 0
  m_PrefabParentObject: {fileID: 224966000370021634, guid: da504f08b07a652468123870137f2e4a,
    type: 2}
  m_PrefabInternal: {fileID: 0}
  m_GameObject: {fileID: 1969989140}
  m_LocalRotation: {x: 0, y: 0, z: 0, w: 1}
  m_LocalPosition: {x: 0, y: 0, z: 0}
  m_LocalScale: {x: 0, y: 0, z: 0}
  m_Children:
  - {fileID: 141148327}
  - {fileID: 522151735}
  - {fileID: 770180581}
  m_Father: {fileID: 0}
  m_RootOrder: 1
  m_LocalEulerAnglesHint: {x: 0, y: 0, z: 0}
  m_AnchorMin: {x: 0, y: 0}
  m_AnchorMax: {x: 0, y: 0}
  m_AnchoredPosition: {x: 0, y: 0}
  m_SizeDelta: {x: 0, y: 0}
  m_Pivot: {x: 0, y: 0}
--- !u!114 &1969989147
MonoBehaviour:
  m_ObjectHideFlags: 0
  m_PrefabParentObject: {fileID: 0}
  m_PrefabInternal: {fileID: 0}
  m_GameObject: {fileID: 1969989140}
  m_Enabled: 1
  m_EditorHideFlags: 0
  m_Script: {fileID: 11500000, guid: 1bb627b35f19b004f94e717c9e320f51, type: 3}
  m_Name: 
  m_EditorClassIdentifier: 
  OptionPanel: {fileID: 770180582}
  SceneObject: {fileID: 141148326}
